<record><leader>00000cas a22000007a 4500</leader><controlfield tag="001">12860286</controlfield><controlfield tag="008">851202d19651966inuwr ne      0    0eng d</controlfield><datafield ind1=" " ind2=" " tag="010"><subfield code="a">sn 85047638 </subfield></datafield><datafield ind1=" " ind2=" " tag="040"><subfield code="a">NPI</subfield><subfield code="b">eng</subfield><subfield code="c">NPI</subfield><subfield code="d">OCLCQ</subfield></datafield><datafield ind1=" " ind2=" " tag="042"><subfield code="a">msc</subfield></datafield><datafield ind1="0" ind2="0" tag="245"><subfield code="a">Indianapolis observer and courier.</subfield></datafield><datafield ind1="3" ind2="0" tag="246"><subfield code="a">Indianapolis observer</subfield></datafield><datafield ind1=" " ind2=" " tag="260"><subfield code="a">Indianapolis, Ind. :</subfield><subfield code="b">Arthur D. Pratt,</subfield><subfield code="c">1965-1966.</subfield></datafield><datafield ind1=" " ind2=" " tag="310"><subfield code="a">Weekly</subfield></datafield><datafield ind1="0" ind2=" " tag="362"><subfield code="a">Vol. 1, no. 1 (Dec. 10, 1965)-v. 2, no. 3/4 (Sept. 16, 1966).</subfield></datafield><datafield ind1=" " ind2=" " tag="500"><subfield code="a">Publisher from Dec. 17, 1965 issue.</subfield></datafield><datafield ind1=" " ind2=" " tag="752"><subfield code="a">United States</subfield><subfield code="b">Indiana</subfield><subfield code="c">Marion</subfield><subfield code="d">Indianapolis.</subfield></datafield></record>